<?xml version="1.0" encoding="UTF-8"?><record xmlns="http://www.loc.gov/MARC21/slim" xmlns:cinclude="http://apache.org/cocoon/include/1.0" xmlns:zs="http://www.loc.gov/zing/srw/">
  <leader>00890cz  a2200217n  4500</leader>
  <controlfield tag="001">n  84206144 </controlfield>
  <controlfield tag="003">DLC</controlfield>
  <controlfield tag="005">20130312082719.0</controlfield>
  <controlfield tag="008">890501n| azannaabn          |a aaa      </controlfield>
  <datafield tag="010" ind1=" " ind2=" ">
    <subfield code="a">n  84206144 </subfield>
  </datafield>
  <datafield tag="035" ind1=" " ind2=" ">
    <subfield code="a">(OCoLC)oca02514450</subfield>
  </datafield>
  <datafield tag="040" ind1=" " ind2=" ">
    <subfield code="a">DLC</subfield>
    <subfield code="b">eng</subfield>
    <subfield code="e">rda</subfield>
    <subfield code="c">DLC</subfield>
    <subfield code="d">DLC</subfield>
    <subfield code="d">DLC-ON</subfield>
    <subfield code="d">DLC</subfield>
  </datafield>
  <datafield tag="046" ind1=" " ind2=" ">
    <subfield code="s">09</subfield>
  </datafield>
  <datafield tag="100" ind1="0" ind2=" ">
    <subfield code="a">Mokṣākaragupta,</subfield>
    <subfield code="d">active 10th century</subfield>
  </datafield>
  <datafield tag="400" ind1="0" ind2=" ">
    <subfield code="a">Ācārya Mokṣākaragupta,</subfield>
    <subfield code="d">active 10th century</subfield>
  </datafield>
  <datafield tag="400" ind1="0" ind2=" ">
    <subfield code="a">Moksakara,</subfield>
    <subfield code="d">active 10th century</subfield>
  </datafield>
  <datafield tag="400" ind1="0" ind2=" ">
    <subfield code="w">nnea</subfield>
    <subfield code="a">Mokṣākaragupta,</subfield>
    <subfield code="d">10th cent.</subfield>
  </datafield>
  <datafield tag="400" ind1="0" ind2=" ">
    <subfield code="a">Moksakargupta,</subfield>
    <subfield code="d">active 10th century</subfield>
  </datafield>
  <datafield tag="400" ind1="0" ind2=" ">
    <subfield code="a">Thar-ʼbyuṅ-sbas-pa,</subfield>
    <subfield code="d">active 10th century</subfield>
  </datafield>
  <datafield tag="670" ind1=" " ind2=" ">
    <subfield code="a">His Bauddha-Tarkabhāṣā, 1985:</subfield>
    <subfield code="b">t.p. (Mokṣākaragupta; Moksakargupta) p. 6 (Moksakara; 10th cent.)</subfield>
  </datafield>
  <datafield tag="670" ind1=" " ind2=" ">
    <subfield code="a">Tarkabhāṣā, 2004:</subfield>
    <subfield code="b">t.p. (Ācāryamokṣākaragupta; Thar-ʼbyuṅ-sbas-pa) added t.p. (Ācārya Mokṣākaragupta)</subfield>
  </datafield>
</record>